<?xml version="1.0" encoding="UTF-8"?><collection xmlns="http://www.loc.gov/MARC21/slim"><record><leader>00577nam--2200181-i-4500</leader><controlfield tag="001">000049936</controlfield><controlfield tag="002">20161230</controlfield><controlfield tag="005">20161230201047</controlfield><controlfield tag="008">060222s1000------------r-----000-0-eng-d</controlfield><datafield ind1=" " ind2=" " tag="040"><subfield code="a">IFIN-HH</subfield></datafield><datafield ind1=" " ind2=" " tag="080"><subfield code="a">537.6(061.3):536.48(061.3):537.312.62(061.3)</subfield></datafield><datafield ind1="1" ind2=" " tag="100"><subfield code="a">Kanda,Eizo</subfield></datafield><datafield ind1="1" ind2="0" tag="245"><subfield code="a">Proceedings of the twelfth international conference on low temperature physics</subfield><subfield code="b">Kyoto, japan, september 4-10, 1970</subfield><subfield code="c">Eizo kanda (ed.)</subfield></datafield><datafield ind1=" " ind2=" " tag="260"><subfield code="a">Tokyo</subfield><subfield code="b">Academic Press Of Japan</subfield><subfield code="c">1971</subfield></datafield><datafield ind1=" " ind2=" " tag="300"><subfield code="a">895P</subfield></datafield><datafield ind1=" " ind2=" " tag="490"><subfield code="a">Proceedings</subfield></datafield><datafield ind1=" " ind2=" " tag="852"><subfield code="a">36367</subfield><subfield code="c">536</subfield></datafield><datafield ind1=" " ind2=" " tag="CAT"><subfield code="a">Sys</subfield><subfield code="c">20110509</subfield><subfield code="h">122650</subfield></datafield></record></collection>